<record><leader>00000cas a2200000 a 4500</leader><controlfield tag="001">14161074</controlfield><controlfield tag="007">hd afu---buca</controlfield><controlfield tag="008">860829d18021805vauir nea     0   a0eng c</controlfield><controlfield tag="009">453</controlfield><datafield ind1=" " ind2=" " tag="010"><subfield code="a">  2009257302</subfield></datafield><datafield ind1=" " ind2=" " tag="040"><subfield code="a">VA@</subfield><subfield code="b">eng</subfield><subfield code="c">VA@</subfield><subfield code="d">HUL</subfield><subfield code="d">IAL</subfield><subfield code="d">SYB</subfield><subfield code="d">INU</subfield><subfield code="d">OCLCA</subfield><subfield code="d">OCLCF</subfield></datafield><datafield ind1="1" ind2=" " tag="029"><subfield code="a">AU@</subfield><subfield code="b">000004768563</subfield></datafield><datafield ind1=" " ind2=" " tag="042"><subfield code="a">pcc</subfield></datafield><datafield ind1=" " ind2=" " tag="043"><subfield code="a">n-us-va</subfield><subfield code="a">n-us-dc</subfield></datafield><datafield ind1=" " ind2="4" tag="050"><subfield code="a">AN2.A44</subfield><subfield code="b">A45</subfield></datafield><datafield ind1="0" ind2="0" tag="245"><subfield code="a">Alexandria expositor and the Columbian advertiser</subfield><subfield code="h">[microform].</subfield></datafield><datafield ind1="3" ind2="0" tag="246"><subfield code="a">Columbian advertiser</subfield></datafield><datafield ind1="3" ind2="0" tag="246"><subfield code="a">Alexandria expositor</subfield></datafield><datafield ind1=" " ind2=" " tag="260"><subfield code="a">Alexandria [Va.] :</subfield><subfield code="b">J. Lyon &amp; R. Dinmore,</subfield><subfield code="c">1802-1805.</subfield></datafield><datafield ind1=" " ind2=" " tag="300"><subfield code="a">v. ;</subfield><subfield code="c">44 cm.</subfield></datafield><datafield ind1=" " ind2=" " tag="310"><subfield code="a">Three times a week</subfield></datafield><datafield ind1="0" ind2=" " tag="362"><subfield code="a">Vol. 1, no. 1 (Nov. 26, 1802)-v. 3, no. 534 (Mar. 4, 1805).</subfield></datafield><datafield ind1=" " ind2=" " tag="533"><subfield code="a">Microfilm.</subfield><subfield code="m">v.1:no.1-154 (1802:Nov.26-1803:Nov.21):[Gaps]</subfield><subfield code="b">New Canaan, Ct. :</subfield><subfield code="c">Readex Microprint.</subfield><subfield code="e">1 microfilm reel ; 35 mm.</subfield><subfield code="f">(Early American newspapers).</subfield><subfield code="n">On reel with: Alexandria expositor, for the country.</subfield></datafield><datafield ind1=" " ind2="0" tag="651"><subfield code="a">Alexandria (Va.)</subfield><subfield code="v">Newspapers.</subfield></datafield><datafield ind1=" " ind2="0" tag="651"><subfield code="a">Alexandria County (Va.)</subfield><subfield code="v">Newspapers.</subfield></datafield><datafield ind1=" " ind2="0" tag="651"><subfield code="a">Washington (D.C.)</subfield><subfield code="v">Newspapers.</subfield></datafield><datafield ind1=" " ind2="7" tag="655"><subfield code="a">Newspapers.</subfield><subfield code="2">fast</subfield><subfield code="0">(OCoLC)fst01423814</subfield></datafield><datafield ind1=" " ind2="7" tag="651"><subfield code="a">Virginia</subfield><subfield code="z">Alexandria.</subfield><subfield code="2">fast</subfield><subfield code="0">(OCoLC)fst01206236</subfield></datafield><datafield ind1=" " ind2="7" tag="651"><subfield code="a">Virginia</subfield><subfield code="z">Alexandria County.</subfield><subfield code="2">fast</subfield><subfield code="0">(OCoLC)fst01225052</subfield></datafield><datafield ind1=" " ind2="7" tag="651"><subfield code="a">Washington (D.C.)</subfield><subfield code="2">fast</subfield><subfield code="0">(OCoLC)fst01204505</subfield></datafield><datafield ind1=" " ind2=" " tag="752"><subfield code="a">United States</subfield><subfield code="b">Virginia</subfield><subfield code="c">Alexandria</subfield><subfield code="d">Alexandria.</subfield></datafield><datafield ind1=" " ind2=" " tag="752"><subfield code="a">United States</subfield><subfield code="b">District of Columbia</subfield><subfield code="c">District of Columbia</subfield><subfield code="d">Alexandria.</subfield></datafield><datafield ind1="0" ind2=" " tag="775"><subfield code="t">Alexandria expositor, for the country</subfield><subfield code="w">(DLC)  2009257305</subfield><subfield code="w">(OCoLC)31685866</subfield></datafield><datafield ind1="1" ind2=" " tag="776"><subfield code="c">Original</subfield><subfield code="w">(DLC)sn 85034328</subfield><subfield code="w">(OCoLC)12656722</subfield></datafield><datafield ind1="0" ind2="0" tag="780"><subfield code="t">Columbian advertiser and commercial, mechanic, and agricultural gazette</subfield><subfield code="w">(OCoLC)15241214</subfield></datafield><datafield ind1="0" ind2="0" tag="785"><subfield code="t">Alexandria expositor</subfield><subfield code="w">(DLC)  2009257303</subfield><subfield code="w">(OCoLC)14161096</subfield></datafield><datafield ind1=" " ind2="0" tag="830"><subfield code="a">Early American newspapers.</subfield></datafield><datafield ind1=" " ind2=" " tag="850"><subfield code="a">MH</subfield></datafield></record>